<record><leader>00000cas a2200000 a 4500</leader><controlfield tag="001">9769018</controlfield><controlfield tag="008">830802c19809999orudr ne      0   a0eng c</controlfield><controlfield tag="009">467</controlfield><datafield ind1=" " ind2=" " tag="010"><subfield code="a">sn 83002319 </subfield></datafield><datafield ind1=" " ind2=" " tag="040"><subfield code="a">NSD</subfield><subfield code="b">eng</subfield><subfield code="c">NSD</subfield><subfield code="d">DLC</subfield><subfield code="d">NSD</subfield><subfield code="d">NYS</subfield><subfield code="d">DLC</subfield><subfield code="d">OCLCQ</subfield><subfield code="d">OCLCF</subfield><subfield code="d">OCLCO</subfield></datafield><datafield ind1="1" ind2=" " tag="022"><subfield code="a">0739-5507</subfield><subfield code="l">0739-5507</subfield><subfield code="2">1</subfield></datafield><datafield ind1="1" ind2=" " tag="029"><subfield code="a">AU@</subfield><subfield code="b">000020289406</subfield></datafield><datafield ind1=" " ind2=" " tag="032"><subfield code="a">308470</subfield><subfield code="b">USPS</subfield></datafield><datafield ind1=" " ind2=" " tag="037"><subfield code="a">Statesman-Journal Co., Inc., 280 Church St. NE, Salem, OR 97301</subfield></datafield><datafield ind1=" " ind2=" " tag="042"><subfield code="a">nsdp</subfield><subfield code="a">pcc</subfield></datafield><datafield ind1=" " ind2=" " tag="043"><subfield code="a">n-us-or</subfield></datafield><datafield ind1="0" ind2="0" tag="050"><subfield code="a">Newspaper</subfield></datafield><datafield ind1=" " ind2="0" tag="222"><subfield code="a">Statesman journal</subfield></datafield><datafield ind1="0" ind2="0" tag="245"><subfield code="a">Statesman journal.</subfield></datafield><datafield ind1="1" ind2="3" tag="246"><subfield code="a">Statesman-journal</subfield></datafield><datafield ind1="1" ind2=" " tag="246"><subfield code="i">Issues for Sunday Apr. 4, 1982-   published as:</subfield><subfield code="a">Sunday statesman journal</subfield></datafield><datafield ind1="1" ind2=" " tag="246"><subfield code="i">Issues for Sunday Apr. 5, 1982-   published as:</subfield><subfield code="a">Sunday statesman-journal</subfield></datafield><datafield ind1=" " ind2=" " tag="260"><subfield code="a">Salem, Or. :</subfield><subfield code="b">Statesman-Journal Co.,</subfield><subfield code="c">1980-</subfield></datafield><datafield ind1=" " ind2=" " tag="300"><subfield code="a">v.</subfield></datafield><datafield ind1=" " ind2=" " tag="310"><subfield code="a">Daily</subfield></datafield><datafield ind1="0" ind2=" " tag="362"><subfield code="a">July 1, 1980-</subfield></datafield><datafield ind1=" " ind2=" " tag="525"><subfield code="a">Has occasional supplements.</subfield></datafield><datafield ind1=" " ind2=" " tag="530"><subfield code="a">Also available on microfilm from Bell &amp; Howell Inforation and Learning.</subfield></datafield><datafield ind1=" " ind2=" " tag="530"><subfield code="a">Also available via the Internet.</subfield></datafield><datafield ind1=" " ind2=" " tag="580"><subfield code="a">Merger of: Oregon statesman (Salem, Or. : 1916), and: Capital journal (Salem, Or.)</subfield></datafield><datafield ind1=" " ind2="0" tag="651"><subfield code="a">Salem (Or.)</subfield><subfield code="v">Newspapers.</subfield></datafield><datafield ind1=" " ind2="0" tag="651"><subfield code="a">Marion County (Or.)</subfield><subfield code="v">Newspapers.</subfield></datafield><datafield ind1=" " ind2="7" tag="655"><subfield code="a">Newspapers.</subfield><subfield code="2">fast</subfield><subfield code="0">(OCoLC)fst01423814</subfield></datafield><datafield ind1=" " ind2="7" tag="651"><subfield code="a">Oregon</subfield><subfield code="z">Marion County.</subfield><subfield code="2">fast</subfield><subfield code="0">(OCoLC)fst01206529</subfield></datafield><datafield ind1=" " ind2="7" tag="651"><subfield code="a">Oregon</subfield><subfield code="z">Salem.</subfield><subfield code="2">fast</subfield><subfield code="0">(OCoLC)fst01202924</subfield></datafield><datafield ind1=" " ind2=" " tag="752"><subfield code="a">United States</subfield><subfield code="b">Oregon</subfield><subfield code="c">Marion</subfield><subfield code="d">Salem.</subfield></datafield><datafield ind1="1" ind2="4" tag="780"><subfield code="t">Oregon statesman (Salem, Or. : 1916)</subfield><subfield code="w">(DLC)sn 85042470</subfield><subfield code="w">(OCoLC)12498279</subfield></datafield><datafield ind1="1" ind2="4" tag="780"><subfield code="t">Capital journal (Salem, Or.)</subfield><subfield code="w">(DLC)sn 90066132</subfield><subfield code="w">(OCoLC)21019600</subfield></datafield><datafield ind1="4" ind2="1" tag="856"><subfield code="u">http://www.statesmanjournal.com</subfield></datafield><datafield ind1=" " ind2=" " tag="936"><subfield code="a">Nov. 27, 2000 LIC</subfield></datafield></record>